@article{赵京胜2019自然语言处理发展及应用综述,
  title={自然语言处理发展及应用综述},
  author={赵京胜 and 宋梦雪 and 高祥},
  journal={信息技术与信息化},
  number={7},
  pages={4},
  year={2019},
}

@article{李彦峰2018人工智能在自然语言处理中的应用,
  title={人工智能在自然语言处理中的应用},
  author={李彦峰},
  journal={襄阳职业技术学院学报},
  volume={17},
  number={4},
  pages={5},
  year={2018},
}

@article{罗枭2020基于深度学习的自然语言处理研究综述,
  title={基于深度学习的自然语言处理研究综述},
  author={罗枭},
  journal={智能计算机与应用},
  number={4},
  pages={5},
  year={2020},
}

@article{冯志伟2021神经网络,
  title={神经网络,深度学习与自然语言处理},
  author={冯志伟},
  journal={上海师范大学学报：哲学社会科学版},
  volume={50},
  number={2},
  pages={13},
  year={2021},
}

@inproceedings{zeng2018chinese,
  title={Chinese LIWC lexicon expansion via hierarchical classification of word embeddings with sememe attention},
  author={Zeng, Xiangkai and Yang, Cheng and Tu, Cunchao and Liu, Zhiyuan and Sun, Maosong},
  booktitle={Proceedings of the AAAI conference on artificial intelligence},
  volume={32},
  number={1},
  year={2018}
}

@article{rong2014word2vec,
  title={word2vec parameter learning explained},
  author={Rong, Xin},
  journal={arXiv preprint arXiv:1411.2738},
  year={2014}
}

@misc{enwiki:1110248242,
  author = "{Wikipedia contributors}",
  title = "Brown Corpus --- {Wikipedia}{,} The Free Encyclopedia",
  year = "2022",
  url = "https://en.wikipedia.org/w/index.php?title=Brown_Corpus&oldid=1110248242",
  note = "[Online; accessed 30-December-2022]"
}

@article{张冬雯2016基于,
  title={基于word2vec和SVMperf的中文评论情感分类研究},
  author={张冬雯 and 杨鹏飞 and 许云峰},
  journal={计算机科学},
  number={S1},
  pages={5},
  year={2016},
}